@article {MR0001219,
AUTHOR = {Jacobson, N.},
TITLE = {The fundamental theorem 
  of the {G}alois theory for quasi-fields},
JOURNAL = {Ann. of Math. (2)},
FJOURNAL = {Annals of Mathematics. 
  Second Series},
VOLUME = {41},
YEAR = {1940},
PAGES = {1--7},
ISSN = {0003-486X},
MRCLASS = {09.1X},
MRNUMBER = {0001219},
MRREVIEWER = {R. Brauer},
DOI = {10.2307/1968817},
URL = {http://doi-org/10.2307/1968817},
}
